@book{bookone,
    title = {An Intelligent Computer Vision based Application for Student Monitoring in Classroom.},
    author = {T. Deepa and Kadali Tejesh Krishna and Pamulapati Satish Chandra and Kondapudi Santhosh Kumar},
    year = {2023},
    publisher = {4th International Conference for Emerging Technology},
    location = {Belgaum, India}
}

@article{articleone,
    author = {M. S et al.},
    title = {A Perspective way of designing Intelligent systems with Face Detection and Recognition using Artificial Intelligence for Authentication},
    journal = {ICCCNT},
    location = {Delhi, India},
    pages = {1-6},
    year = {2023},
    DOI = {10.1109/ICCCNT56998.2023.10306857},
    keywords = {deep learning;training;face recognition;streaming media;software;real-time systems;libraries;yolo;cnn;opencv;face detection;face recognition}
}

@article{articletwo,
    author = {Baobaid and M. Meribout and V. K. Tiwari and J. P. Pena},
    title = {Hardware Accelerators for Real-Time Face Recognition: A Survey},
    journal = {IEEE Access},
    volume = {10},
    pages = {83723-83739},
    year = {2022},
    DOI = {10.1109/ACCESS.2022.3194915},
    keywords = {Face recognition;Field programmable gate arrays;Feature extraction;Central Processing Unit;Real-time systems;Hardware acceleration;Graphics processing units;Face recognition;face detection;FPGA;GPU;multicore CPU;neural network algorithms;non-neural network algorithms}
}

@article{articlethree,
    author = {R. K. Kodali and A. Panda and L. Boppana},
    title = {Attendance System using Amazon Rekognition},
    journal = {TENCON},
    location = {Chiang Mai, Thailand},
    pages = {65-70},
    year = {2023},
    DOI = {10.1109/TENCON58879.2023.10322521},
    keywords = {Cloud computing;Costs;Face recognition;Training data;Manuals;User experience;Real-time systems;Face Recognition;Serverless;Machine Learning;AWS AI Services}
}

@article{articlefour,
    author = {A. S. Hasban et al.},
    title = {Face recognition for Student Attendance using Raspberry Pi},
    journal = {APACE},
    location = {Melacca, Malaysia},
    pages = {1-5},
    year = {2019},
    DOI = {10.1109/APACE47377.2019.9020758}
}

@article{articlesix,
    author = {F. Peng and L. Qin and M. Long},
    title = {Face morphing attack detection and attacker identification based on a watchlist},
    journal = {Signal Process., Image Commun},
    volume = {107},
    pages = {49-72},
    year = {2022},
    note = {{A}rt. no. 116748},
    DOI = {10.1016/j.image.2022.116748}
}
